@mastersthesis{nodelman-2007,
  author    =   {Nodelman, U.},
  title     =   {Continuous {T}ime {B}ayesian {N}etworks},
  year      =   {2007},
  school    =   {Stanford University}
}

@article{nodelman-2002,
  author          = {Nodelman, U. and Shelton, C. and Koller, D.},
  title           = {Continuous {T}ime {B}ayesian {N}etworks},
  journal         = {Uncertainty in artificial intelligence},
  year            = {2002},
  pages           = {378 - 387},
}

@article{ctbn-ieee,
  author          = {Boudali, H. and Dugan, J.B.},
  title           = {A continuous-time Bayesian network reliability modeling, and analysis framework},
  journal         = {IEEE Transactions on Reliability},
  volume          = {55},
  year            = {2006},
  pages           = {86 - 97},
}

@article{markov-chains,
  author    =   {H{\"a}ggstr{\"o}m, O.}, 
  title     =   {{F}inite {M}arkov {C}hains and {A}lgorithmic {A}pplications},
  journal   =   {London Mathematical Society Student Texts},
  year      =   {2002}
}

@article{ctmp,
  author          = {Shelton, C. and Ciardo, G.},
  title           = {{T}utorial on {S}tructured {C}ontinuous-{T}ime {M}arkov {P}rocesses},
  journal         = {Journal of Artificial Intelligence Research},
  year            = {2014},
  month           = {12},
  pages           = {725 â€“ 778}
}

@article{conditional-independence,
  author          = {Dawid, A. P.},
  title           = {Conditional Independence in Statistical Theory},
  journal         = {Journal of the Royal Statistical Society. Series B (Methodological)},
  volume          = {41},
  year            = {1979},
  pages           = {1 - 31},
}

@book{probability-statistics,
  author         = {Ross, S. M.},
  title          = {Introduction to Probability and Statistics for Engineers and Scientists},
  publisher      = {Elsevier Science},
  year           = {2004},
  edition        = {3rd},
}

@book{graphs,
  author         = {Diestel, R.},
  title          = {{G}raph {T}heory},
  publisher      = {Springer},
  year           = {2000}
}

@article{faithfulness,
  author          = {Kayvan Sadeghi},
  title           = {Faithfulness of Probability Distributions and Graphs},
  journal         = {Journal of Machine Learning Research},
  year            = {2017},
  pages           = {1 - 29},
}

@book{uml,
  author         = {Fowler, M.},
  publisher      = {Addison-Wesley},
  title          = {UML Distilled: A Brief Guide to the Standard Object Modeling Language},
  year           = {2003},
  edition        = {3rd},
}

@article{pandas,
  author          = {McKinney, W.},
  title           = {Data {S}tructures for {S}tatistical {C}omputing in {P}ython},
  journal         = {{P}roceedings of the 9th {P}ython in {S}cience {C}onference},
  year            = {2010},
  pages           = {56 - 61},
  month           = {01},
}

@article{numpy,
  author          = {Harris, C. R. and Millman, K. J. and van der Walt, S. J. and others},
  title           = {Array programming with NumPy},
  journal         = {Nature},
  pages           = {357 - 362},
  year            = {2020},
  month           = {09},
}

@article{package,
  author          = {Shelton, C. and Fan, Y. and Lam, W. and Lee, J. and Xu, J.},
  title           = {{C}ontinuous {T}ime {B}ayesian {N}etwork {R}easoning and {L}earning {E}ngine},
  journal         = {Journal of Machine Learning Research},
  year            = {2010},
  month           = {03},
}

@incollection{bn,
  author         = {Ben-Gal, I.},
  title          = {Bayesian Networks},
  booktitle      = {Encyclopedia of Statistics in Quality and Reliability},
  editor         = {Ruggeri, F. and Faltin, F. and Kenett, R.},
  publisher      = {Wiley \& Sons},
  year           = {2007}
}

@book{stochastic-processes,
  author         = {Ross, S. M.},
  title          = {Stochastic Processes},
  publisher      = {Wiley},
  year           = {1996},
  edition        = {2nd},
}